@article{Accardi:2020,
  title   = {von Neumann's Minimax Theorem for Continuous Quantum Games},
  author  = {Accardi, Luigi and Boukas, Andreas},
  journal = {arXiv preprint arXiv:2006.11502},
  year    = {2020}
}

@article{Allais:1953,
  author  = {Allais, Par M.},
  title   = {Le Comportement de l'Homme Rationnel Devant Le Risque- Critique des Postulats et Axiomes de L'Ecole Americaine},
  journal = {Econometrica},
  volume  = {21},
  number  = {4},
  pages   = {45},
  doi     = {10.2307/1907921},
  year    = {1953},
  type    = {Journal Article}
}

@book{Ayers:2009,
  author    = {Ayers, Robert U and Warr, Benjamin},
  title     = {The Economic Growth Engine: How Energy and Work Drive Material Prosperity},
  publisher = {International Institute for Applied Systems Analysis},
  address   = {Northhampton, MA},
  isbn      = {9781849806},
  doi       = {10.4337/9781848445956.00019},
  year      = {2009},
  type      = {Book}
}

@article{Baczyk:2021,
  title   = {Nashian Game Theory Is Incompatible with Quantum Contextuality},
  author  = {Baczyk, Michal and Fourny, Ghislain},
  journal = {arXiv preprint arXiv:2112.03881},
  year    = {2021}
}

@book{Ballentine:2014,
  title     = {Quantum Mechanics: A Modern Development},
  author    = {Ballentine, Leslie E.},
  edition   = {2nd},
  year      = {2014},
  publisher = {World Scientific Publishing Company}
}

@article{Banerjee:2010,
  author  = {Banerjee, Anand and Yakovenko, Victor M.},
  title   = {Universal Patterns of Inequality},
  journal = {New Journal of Physics},
  volume  = {12},
  pages   = {1--25},
  doi     = {10.1088/1367-2630/12/7/075032},
  year    = {2010},
  type    = {Journal Article}
}

@book{Bell:1970,
  author    = {Bell, George I. and Glasstone, Samuel},
  title     = {Nuclear ReactorTheory},
  publisher = {Litton Educational Publishing, Inc.},
  year      = {1970},
  type      = {Book}
}

@article{Bryant:2007,
  author  = {Bryant, John},
  title   = {A Thermodynamic Theory of Economics},
  journal = {International Journal of Exergy},
  volume  = {4},
  number  = {3},
  pages   = {302--337},
  doi     = {10.1504/IJEX.2007.013396},
  year    = {2007},
  type    = {Journal Article}
}

@book{Callen:1985,
  author    = {Callen, Herbert B.},
  title     = {Thermodynamics and an Introduction to Thermostatistics},
  publisher = {John Wiley \& Sons},
  address   = {New York},
  edition   = {2nd},
  isbn      = {0-471-86256-8},
  year      = {1985},
  type      = {Book}
}

@article{Eisert:1999,
  title     = {Quantum Games and Quantum Strategies},
  author    = {Eisert, Jens and Wilkens, Martin and Lewenstein, Maciej},
  journal   = {Physical Review Letters},
  volume    = {83},
  number    = {15},
  pages     = {3077--3080},
  year      = {1999},
  doi       = {10.1103/PhysRevLett.83.3077},
  publisher = {APS}
}

@article{Ellsberg:1961,
  author  = {Ellsberg, Daniel},
  title   = {Risk, Ambiguity, and the Savage Axioms},
  journal = {The Quarterly Journal of Economics},
  volume  = {75},
  number  = {4},
  pages   = {28},
  doi     = {10.2307/1884324},
  year    = {1961},
  type    = {Journal Article}
}

@inbook{Flitney:2009,
  author    = {Flitney, Adrian P.},
  title     = {Review of Quantum Game Theory},
  booktitle = {Game Theory: Strategies, Equilibria, and Theorems},
  publisher = {Nova Science Publishers},
  pages     = {1--40},
  chapter   = {1},
  year      = {2009},
  type      = {Book Section}
}

@book{Gibbs:1902,
  author    = {Gibbs, Josiah Willard},
  title     = {Elementary Principles in Statistical Mechanics Developed with Especial Reference to the Rational Foundation of Thermodynamics},
  publisher = {Charles Scribner's Sons},
  address   = {New York},
  pages     = {207},
  year      = {1902},
  type      = {Book}
}

@book{Georgescu:1971,
  title     = {The Entropy Law and the Economic Process},
  author    = {Georgescu-Roegen, Nicholas},
  year      = {1971},
  publisher = {Harvard university press}
}

@article{Hayek:1945,
  title     = {The Use of Knowledge in Society},
  author    = {Hayek, Friedrich August},
  journal   = {The American Economic Review},
  volume    = {35},
  number    = {4},
  pages     = {519--530},
  year      = {1945},
  url       = {https://www.jstor.org/stable/1809376},
  publisher = {JSTOR}
}


@article{Jaynes:1957,
  author  = {Jaynes, Edwin T.},
  title   = {Information Theory and Statistical Mechanics},
  journal = {The Physical Review},
  volume  = {106},
  number  = {4},
  pages   = {620--630},
  doi     = {10.1103/PhysRev.106.620},
  year    = {1957},
  type    = {Journal Article}
}

@book{Jaynes:1962,
  author    = {Jaynes, Edwin T.},
  title     = {Information Theory and Statistical Mechanics},
  publisher = {W. A. Benjamin, Inc.},
  address   = {New York},
  volume    = {3 Statistical Physics},
  series    = {Brandeis University Summer Institute Lectures in Theoretical Physics},
  year      = {1962},
  type      = {Book}
}

@article{Jaynes:1965,
  author  = {Jaynes, Edwin T.},
  title   = {Gibbs vs Boltzmann Entropies},
  journal = {American Journal of Physics},
  volume  = {33},
  number  = {5},
  pages   = {8},
  doi     = {10.1119/1.1971557},
  year    = {1965},
  type    = {Journal Article}
}

@book{Jaynes:2003,
  author    = {Jaynes, Edwin T.},
  title     = {Probability Theory: The Logic of Science},
  publisher = {Cambridge University Press},
  edition   = {1st},
  isbn      = {978-0-521-59271-0},
  year      = {2003},
  type      = {Book}
}

@article{Kusmartsev:2011,
  title     = {Statistical Mechanics of Economics I},
  author    = {Kusmartsev, FV},
  journal   = {Physics Letters A},
  volume    = {375},
  number    = {6},
  pages     = {966--973},
  doi       = {10.1016/j.physleta.2011.01.003},
  year      = {2011},
  publisher = {Elsevier}
}

@book{Landau:1980,
  author    = {Landau, L. D. and Lifshitz, E. M.},
  title     = {Statistical Physics, Parts 1 and 2},
  publisher = {Butterworth-Heinemann},
  address   = {Oxford},
  volume    = {5},
  series    = {Course of Theoretical Physics},
  year      = {1980},
  type      = {Book}
}

@article{Landsburg:2011,
  title   = {Nash Equilibria in Quantum Games},
  author  = {Landsburg, Steven},
  journal = {Proceedings of the American Mathematical Society},
  volume  = {139},
  number  = {12},
  pages   = {4423--4434},
  year    = {2011}
}

@incollection{Lidar:2003,
  title     = {Decoherence-free Subspaces and Subsystems},
  author    = {Lidar, Daniel A. and Whaley, Birgitta K.},
  booktitle = {Irreversible Quantum Dynamics},
  pages     = {83--120},
  year      = {2003},
  publisher = {Springer}
}

@article{Machina:1987,
  author  = {Machina, Mark J},
  title   = {Choice under Uncertainty: Problems Solved and Unsolved},
  journal = {Journal of Economic Perspectives},
  volume  = {1},
  number  = {1},
  pages   = {121--154},
  doi     = {10.1257/jep.1.1.121},
  year    = {1987},
  type    = {Journal Article}
}

@book{Matsoukas:2018,
  author    = {Matsoukas, Themis},
  title     = {Generalized Statistical Thermodynamics},
  publisher = {Springer},
  doi       = {10.1007/978-3-030-04149-6},
  year      = {2018},
  type      = {Book}
}

@book{McGilchrist:2009,
  title     = {The Master and His Emissary: The Divided Brain and the Making of the Western World},
  author    = {McGilchrist, Iain},
  year      = {2009},
  publisher = {Yale University Press}
}

@article{Melo:2017,
  title     = {Quantum Locality in Game Strategy},
  author    = {Melo-Luna, Carlos A. and Susa, Cristian E. and Ducuara, Andr{\'e}s F and Barreiro, Astrid and Reina, John H.},
  journal   = {Scientific Reports},
  volume    = {7},
  number    = {1},
  pages     = {1--11},
  year      = {2017},
  publisher = {Nature Publishing Group}
}

@inbook{Mimkes:2006,
  author    = {Mimkes, Juergen},
  title     = {A Thermodynamic Formulation of Economics},
  booktitle = {Econophysics and Sociophysics: Trends and Perspectives.},
  publisher = {WILEY-VCH Verlag GmbH \& Co. KGaA,Weinheim},
  pages     = {1--33},
  chapter   = {1},
  doi       = {10.1002/9783527610006.ch1},
  year      = {2006},
  type      = {Book Section}
}

@book{Mises:1998,
  author    = {Mises, Ludwig von},
  title     = {Human Action: A Treatise on Economics},
  publisher = {Ludwig von Mises Institute},
  address   = {Auburn},
  year      = {1998},
  type      = {Book}
}

@article{Mongin:2019,
  author  = {Mongin, Philippe},
  title   = {The Allais Paradox: What It Became, What It Really Was, What It Now Suggests to Us},
  journal = {Economics \& Philosophy},
  volume  = {35},
  number  = {3},
  pages   = {423--459},
  doi     = {10.1017/S0266267118000469},
  year    = {2019},
  type    = {Journal Article}
}

@book{Moran:2008,
  author    = {Moran, Micheal J. and Shapiro, Howard N.},
  title     = {Fundamentals of Engineering Thermodynamics},
  publisher = {John Wiley \& Sons, Inc.},
  edition   = {6th},
  year      = {2008},
  type      = {Book}
}

@article{Nash:1951,
  title     = {Non-Cooperative Games},
  author    = {Nash, John},
  journal   = {Annals of Mathematics},
  volume    = {54},
  number    = {2},
  pages     = {286--295},
  doi       = {10.2307/1969529},
  year      = {1951},
  publisher = {Annals of Mathematics}
}


@article{Nash:1953,
  title     = {Two-person Cooperative Games},
  author    = {Nash, John},
  journal   = {Econometrica},
  volume    = {21},
  number    = {1},
  pages     = {128--140},
  doi       = {10.2307/1906951},
  year      = {1953},
  publisher = {[Wiley, Econometric Society]}
}

@book{Neumann:2018,
  title     = {Mathematical Foundations of Quantum Mechanics: New Edition},
  author    = {von Neumann, John},
  year      = {2018},
  doi       = {10.1515/9781400889921},
  publisher = {Princeton University Press}
}

@book{Neumann:1944,
  author    = {von Neumann, John and Morgenstern, Oskar},
  title     = {Theory of Games and Economic Behavior},
  publisher = {Princeton University Press},
  edition   = {3rd},
  year      = {1944},
  type      = {Book}
}

@book{Peirce:1934,
  author    = {Peirce, Charles Sanders},
  title     = {Collected Papers of Charles Sanders Peirce},
  publisher = {Harvard University Press},
  series    = {Collected Papers of Charles Sanders Peirce},
  year      = {1934},
  type      = {Book}
}

@book{Pfanzagl:1968,
  author    = {Pfanzagl, J.},
  title     = {Theory of Measurement},
  publisher = {John Wiley and Sons},
  address   = {New York},
  year      = {1968},
  type      = {Book}
}

@article{Raine:2006,
  title     = {The New Entropy Law and the Economic Process},
  author    = {Raine, Alan and Foster, John and Potts, Jason},
  journal   = {Ecological Complexity},
  volume    = {3},
  number    = {4},
  doi       = {10.1016/j.ecocom.2007.02.009},
  pages     = {354--360},
  year      = {2006},
  publisher = {Elsevier}
}

@book{Rawls:2009,
  author    = {Rawls, John},
  title     = {A Theory of Justice},
  publisher = {Harvard University Press},
  year      = {1971},
  type      = {Book}
}

@book{Rothbard:1956,
  author    = {Rothbard, Murray Newton},
  title     = {Toward a Reconstruction of Utility and Welfare Economics},
  publisher = {Center for Libertarian Studies},
  year      = {1956},
  type      = {Book}
}

@book{Rothbard:2004,
  author    = {Rothbard, Murray Newton},
  title     = {Man, Economy, and State with Power and Market-Scholar's Edition},
  publisher = {Ludwig von Mises Institute},
  year      = {2004},
  type      = {Book}
}

@book{Sakurai:2021,
  title     = {Modern Quantum Mechanics},
  author    = {Sakurai, Jun John and Napolitano, Jim},
  year      = {2021},
  edition   = {3rd},
  doi       = {10.1017/9781108587280},
  publisher = {Cambridge University Press}
}

@article{Saslow:1999,
  author  = {Saslow, Wayne M.},
  title   = {An Economic Analogy to Thermodynamics},
  journal = {American Journal of Physics},
  volume  = {67},
  number  = {12},
  pages   = {1239--1247},
  doi     = {10.1119/1.19110},
  year    = {1999},
  type    = {Journal Article}
}

@book{Savage:1972,
  author    = {Savage, Leonard J.},
  title     = {The Foundations of Statistics},
  publisher = {Dover Publications},
  address   = {New York},
  edition   = {2nd},
  year      = {1972},
  type      = {Book}
}

@article{Shannon:1948,
  author  = {Shannon, Claude E.},
  title   = {A Mathematical Theory of Communication},
  journal = {The Bell System Technical Journal},
  volume  = {27},
  pages   = {379--423, 623--656},
  doi     = {10.1002/j.1538-7305.1948.tb01338.x},
  year    = {1948},
  type    = {Journal Article}
}

@misc{Stanley:2013,
  author  = {Stanley, Eugene and Gangopadhyay, Kausik},
  title   = {Interview with Eugene H. Stanley},
  volume  = {2},
  number  = {2},
  journal = {IIM Kozhikode Society \& Management Review},
  pages   = {73--78},
  doi     = {10.1177/2277975213507763},
  year    = {2013},
  month   = {May},
  type    = {Interview}
}

@misc{Susskind:2012,
  author    = {Susskind, Leonard},
  title     = {Quantum Mechanics Lecture 5 (February 6, 2012)},
  booktitle = {Modern Physics: Quantum Mechanics (Winter 2012)},
  month     = feb,
  year      = 2012,
  date      = {February 6, 2012},
  series    = {Podcast audio},
  url       = {https://podcasts.apple.com/us/podcast/modern-physics-quantum-mechanics-winter-2012/id496370704?i=1000110626105}
}

@article{Tribus:1971,
  title     = {Energy and information},
  author    = {Tribus, Myron and McIrvine, Edward C},
  journal   = {Scientific American},
  volume    = {225},
  number    = {3},
  pages     = {179--184},
  year      = {1971},
  url       = {http://www.jstor.org/stable/24923125},
  publisher = {JSTOR}
}

@article{Yang:2014,
  author  = {Yang, Jiping and Qiu, Wanhua},
  title   = {Normalized Expected Utility-Entropy Measure of Risk},
  journal = {Entropy},
  volume  = {16},
  doi     = {10.3390/e16073590},
  year    = {2014},
  type    = {Journal Article}
}

